@article{williams-2009,
  author = {Williams, Samuel and Waterman, Andrew and Patterson, David},
  title = {Roofline: an insightful visual performance model for multicore architectures},
  journal = {Commun. ACM},
  issue_date = {April 2009},
  volume = {52},
  number = {4},
  month = apr,
  year = {2009},
  OPTissn = {0001-0782},
  pages = {65--76},
  numpages = {12},
  publisher = {ACM},
  address = {New York, NY, USA},
  OPTurl = {http://doi.acm.org/10.1145/1498765.1498785},
  OPTdoi = {10.1145/1498765.1498785},
  note = {\bibdoiurl{10.1145/1498765.1498785}},
}

@inproceedings{likwid-2010,
author = {Treibig, J. and Hager, G. and Wellein, G.},
booktitle = {Proceedings of PSTI2010, the First International Workshop on Parallel Software Tools and Tool Infrastructures},
title = {LIKWID: A lightweight performance-oriented tool suite for x86 multicore environments},
year = {2010},
address = {San Diego CA},
}

@article{dolbeau-2018,
  author = {Dolbeau, Romain},
  title = {Theoretical peak FLOPS per instruction set: a tutorial},
  journal = {The Journal of Supercomputing},
  issue_date = {March 2018},
  volume = {74},
  number = {3},
  month = mar,
  year = {2018},
  OPTissn = {1573-0484},
  numpages = {12},
  publisher = {ACM},
  address = {New York, NY, USA},
  OPTurl = {https://doi.org/10.1007/s11227-017-2177-5},
  OPTdoi = {10.1007/s11227-017-2177-5},
  note = {\bibdoiurl{10.1007/s11227-017-2177-5}},
}





@Article{bbggs:iet07,
author = {Luciano Baresi and Domenico Bianculli and Carlo Ghezzi and Sam Guinea and Paola Spoletini},
title = {Validation of web service compositions},
publisher = {IET},
year = {2007},
journal = {IET Software},
volume = {1},
number = {6},
pages = {219--232},
url = {http://link.aip.org/link/?SEN/1/219/1},
doi = {10.1049/iet-sen:20070027}
}

@InProceedings{bjbgf:icsoc07,
  author = 	 {Domenico Bianculli and Radu Jorca and Walter Binder and Carlo Ghezzi and
  Boi Faltings},
  title = 	 {Automated Dynamic Maintenance of Composite Services
  based on Service Reputation},
  booktitle = {Proceedings of ICSOC'07, International Conference on Service-Oriented Computing},
  year = 	 2007,
  month = 	 {September},
  pages = 	 {449--455},
  volume = 	 4749,
  series = 	 {Lecture Notes in Computer Science},
  publisher = {Springer-Verlag}}

@InProceedings{bg:soswe07,
  author = 	 {Domenico Bianculli and Carlo Ghezzi},
  title = 	 {Monitoring Conversational Web Services},
  booktitle = {Proceedings of the 2nd International Workshop on Service-Oriented Software Engineering (IW-SOSWE'07), co-located with ESEC/FSE 2007},
  year = 	 2007,
  month = 	 {September},
  pages = 	 {15--21},
  address = 	 {New York, NY, USA},
  publisher = {ACM Press}}

@inproceedings{BSMPS:FSEN07,
  author =   {Domenico Bianculli and Paola Spoletini and Angelo Morzenti and Matteo Pradella and Pierluigi {San Pietro}},
  title =    {Model checking temporal metric specification with {Trio2Promela}},
  booktitle = {Proceedings of International Symposium on Fundamentals of Software Engineering (FSEN 2007)},
  publisher = {Springer Verlag},
  series = {Lecture Notes in Computer Science},
  year =     2007,
  pages = 	 {388--395},
  volume = 	 4767,
  month = 	 {April},
}

@INPROCEEDINGS{bmpss:icse07,
    author = {Domenico Bianculli  and Angelo Morzenti and Matteo Pradella and  San Pietro, Pierluigi and   Paola Spoletini},
    title = {{Trio2Promela}: a Model Checker for Temporal Metric Specifications},
    booktitle = {29th International Conference on Software Engineering (ICSE'07 Companion)},
    month = {May},
    year = {2007}, 
     location = {Minneapolis, MN},
note={Research Demo.},
isbn = {0-7695-2892-9},
pages = {61--62},
doi = {http://doi.ieeecomputersociety.org/10.1109/ICSECOMPANION.2007.79},
publisher = {IEEE Computer Society},
address = {Los Alamitos, CA, USA},
}

@INPROCEEDINGS{bgs:soca07,
  AUTHOR = {Domenico Bianculli and Carlo Ghezzi and Paola Spoletini},
  TITLE = {A model checking approach to verify {BPEL4WS} workflows},
  BOOKTITLE = {{Proceedings of the 2007 IEEE International Conference on Service-Oriented Computing and Applications (IEEE SOCA 2007)}},
  MONTH = JUN,
  year = 	 2007,
  publisher= "IEEE Computer Society Press",
  pages= "13--20"
}

@INPROCEEDINGS{bbggs:icws2007,
    author = {Luciano Baresi and Domenico Bianculli and Carlo Ghezzi and Sam Guinea and Paola Spoletini},
    title = {A Timed extension of {WSCoL}},
    booktitle = {Proceedings of the IEEE International Conference on Web Services (ICWS 2007)},
    month = {July},
    year = {2007}, 
    location = {Salt Lake City, Utah},
 publisher= "IEEE Computer Society Press",
  pages= "663--670"
}

@book{annabook,
 author = {David C. Luckham and Friedrich W. von Henke and Bernd Krieg-Brueckner and Olaf Owe},
 title = {{ANNA}: a language for annotating Ada programs},
 year = {1987},
 isbn = {0-387-17980-1},
 publisher = {Springer-Verlag},
 address = {New York, NY, USA},
 }

@Unpublished {bpelspec,
author =	 "Andrews, Tony and Curbera, Francisco and Dholakia,
                  Hitesh and Goland, Yaron and Klein, Johannes and
                  Leymann, Frank and Liu, Kevin and Roller, Dieter and
                  Smith, Doug and Thatte, Satish and Trickovic, Ivana
                  and Weerawarana, Sanjiva",
title =	 "{Business Process Execution Language for Web
                  Services, Version 1.1}",
Month =	 may,
year =	 2003,
note = {BPEL4WS specification}

}

@article{likwid-2010-arxiv,
  author    = {Jan Treibig and
               Georg Hager and
               Gerhard Wellein},
  title     = {{LIKWID:} {A} lightweight performance-oriented tool suite for x86
               multicore environments},
  journal   = {CoRR},
  volume    = {abs/1004.4431},
  year      = {2010},
  url       = {http://arxiv.org/abs/1004.4431},
  archivePrefix = {arXiv},
  eprint    = {1004.4431},
  timestamp = {Mon, 13 Aug 2018 16:46:46 +0200},
  biburl    = {https://dblp.org/rec/journals/corr/abs-1004-4431.bib},
  bibsource = {dblp computer science bibliography, https://dblp.org}
}

@article{Cremonesi-2020,
      title = {Analytic performance modeling and analysis of detailed  neuron simulations},
      author = {Cremonesi, Francesco and Hager, Georg and Wellein, Gerhard  and Schuermann, Felix},
      journal = {International Journal Of High Performance Computing  Applications},
      pages = {1094342020912528},
      year = {2020},
      note = {Attribution-NonCommercial 4.0 International (CC BY-NC  4.0).},
      url = {http://infoscience.epfl.ch/record/277081},
      doi = {10.1177/1094342020912528},
}

@INPROCEEDINGS{wittmann-sbac-pad-2018,  author={M. {Wittmann} and G. {Hager} and R. {Janalik} and M. {Lanser} and A. {Klawonn} and O. {Rheinbach} and O. {Schenk} and G. {Wellein}},  booktitle={2018 30th International Symposium on Computer Architecture and High Performance Computing (SBAC-PAD)},   title={Multicore Performance Engineering of Sparse Triangular Solves Using a Modified Roofline Model},   year={2018},  volume={},  number={},  pages={233-241},}
