% list of journals with the abbreviated names.
%
 @String{ActaNum = "Acta Numerica" }
 @String{ACMMathSoft = "{ACM} Trans. Math. Software" }
 @String{AdvCompMath  = "Advances in Comp. Math." },
 @String{AmerSocio = "Amer. J. Sociology" } % not in AMS MR
 @String{AmerStatAssoc = "J. Amer. Statist. Assoc." }
 @String{AMSTrans = "Amer. Math. Soc. Transl." }
 @String{ApplMathComp = "Appl. Math. Comput." }
 @String{AmerMathMonthly = "Amer. Math. Monthly" }
 @String{BIT = "{BIT}" }
 @String{BritStatPsych = "Brit. J. Math. Statist. Psych." }
 @String{BullAMS = "Bull. Amer. Math. Soc." }
 @String{CACM = "Comm. {ACM}" }
 @String{CanMathBull = "Canad. Math. Bull." }
 @String{CompApplMath = "J. Comput. Appl. Math." }
 @String{CompJour = "Comput. J." }
 @String{CompMathApp = "Computer \& Math. w. Appl." }
 @String{CompMethAppMechEng = "Comp. Meth. Appl. Mech. Eng." }
 @String{CompPhys = "J. Comput. Phys." }
 @String{CompServ = "Comput. Surveys" }
 @String{CompStruct = "Comput. \& Structures" }
 @String{CompSysSci = "J. Comput. System Sci." }
 @String{CompSysEng = "Computing Systems in Engineering"}
 @String{Computer = "{IEEE} Computer" }
 @String{Computing = "Computing" }
 @String{ContempMath = "Contemp. Math." }
 @String{CRAcadSciParis = "C.R. Acad. Sci. Paris" }
 @String{Crelle = "Crelle's J." } % not in AMS MR.
 @String{CzechMath = "Czech. Math. J."}
 @String{ETNA = "Electr. Trans. Num. Anal."}
 @String{GiornaleMath = "Giorn. Mat." } % not in AMS MR.
 @String{HighSpeed = "Int. J. on High Speed Comput." }
 @String{IEEESpec = "{IEEE} Spectrum" } % not in AMS MR
 @String{IEEETransAC = "{IEEE} Trans. Automat. Control" }
 @String{IEEETransCAD = "{IEEE} Trans. CAD"}
 @String{IEEETransAeroElec = "{IEEE} Trans. Aerospace Electron. Systems" }
 @String{IEEETransComp = "{IEEE} Trans. Comput." }
 @String{IMANumerAna = "{IMA} J. Numer. Anal." }
 @String{Informatica = "Informatica" }
 @String{InfProcLet = "Inform. Process. Lett." }
 @String{InstMathApp = "J. Inst. Math. Appl." }
 @String{IntControl = "Internat. J. Control" }
 @String{IntJNumMethFluids = "Intl. J. Num. Meth. Fluids"} 
 @String{IntJHighSpd = "Internat. J. High Speed Comput. " } % ??
 @String{IntNumerEng = "Internat. J. Numer. Methods Engrg." }
 @String{IntCompMath = "Intl. J. Comp. Math."}
 @String{IntSuper = "Internat. J. Supercomputing Applic." } % not in AMS MR
 @String{JSuper   = "J. of Supercomputing" } % not in AMS MR
 @String{JFGCS   = "J. of Future Generation Computer Systems" } 
 @String{JACM = "J. Assoc. Comput. Mach." }
 @String{JOpApp = "J. Opt. Th. Appl."}
 @String{JResNatBurStand = "J. Research Nat. Bur. Standards" }
 @String{JSIAM = "J. Soc. Indust. Appl. Math." }
 @String{JSIAMB = "J. Soc. Indust. Appl. Math. Ser. B Numer. Anal." }
 @String{Kibernetika = "Kibernetika" }
 @String{LinAlgApp = "Linear Algebra Appl." }
 @String{MathAnaAppl = "J. Math. Anal. Appl." }
 @String{MathAnnalen = "Math. Ann." }
 @String{MathComp = "Math. Comp." }
 @String{MathPhys = "J. Math. Phys." }
 @String{MathScand = "Math. Scand." }
 @String{MathZ = "Math. Z." }
 @string{MCSS = "Math. Control, Signals, Sys."}
 @String{NumerAlg = "Numer. Alg." } 
 @String{NumerMath = "Numer. Math." }
 @String{NumAlgAppl = "Numer. Alg. Appl."}
 @String{NumLinAlgApp = "Numer. Lin. Alg. w. Appl."}
 @String{PacificMath = "Pacific J. Math." }
 @String{ParComputing = "Parallel Comput." }
 @String{ParDistComp = "J. Parallel and Distrib. Comput." } % not in AMS MR
 @String{PhilMag = "Philos. Mag." }
 @String{ProcAMS = "Proc. Amer. Math. Soc." }
 @String{ProcCPS = "Proc. Cambridge Philo. Soc." }
 @String{ProcIEEE = "Proc. {IEEE}" } % not in AMS MR
 @String{ProcNAS = "Proc. Nat. Acad. Sci. U.S.A." }
 @String{Psychometrika = "Psychometrika" }
 @String{QuartApplMath = "Quart. Appl. Math." }
 @String{QuartMath = "Quart. J. Math. Oxford Ser. (2)" }
 @String{RevueInstStat = "Rev. Inst. Internat. Statist." }
 @String{RockyMountJMath = "Rocky Mountain J. Math." } % ??
 @string{SCL = "Sys. Control Lett."}
 @String{SIAMAlgMeth = "{SIAM} J. Algebraic Discrete Methods" }
 @String{SIAMAppMath = "{SIAM} J. Appl. Math." }
 @String{SIAMComp = "{SIAM} J. Comput." }
 @String{SIAMCont = "{SIAM} J. Cont."}
 @String{SIAMContOpt = "{SIAM} J. Cont. Optim."}
 @String{SIAMMatrix = "{SIAM} J. Matrix Anal. Appl." }
 @String{SIAMNumAnal = "{SIAM} J. Numer. Anal." }
 @String{SIAMReview = "{SIAM} Review" }
 @String{SIAMSciStat = "{SIAM} J. Sci. Statist. Comput." }
 @String{SIAMSciComp = "{SIAM} J. Sci. Comput." }
 @String{SIGNUM = "{ACM} {SIGNUM} Newslett." }
 @String{SoftPracExp = "Software Prac. Experience" } % not in AMS MR
 @String{StatScience = "Statist. Sci." }
 @String{TablesAidsComp = "Math. Tables Aids Comput." }
 @String{Techno = "Technometrics" }
 @String{TransAMS = "Trans. Amer. Math. Soc." }
 @String{USSRCompMathPhys = "{U.S.S.R.} Comput. Math. and Math. Phys." }
 @String{VLSICompSys = "J. {VLSI} Comput. Syst." }
 @String{ZAngewMathMech = "Z. Angew. Math. Mech." }
 @String{ZAngewMathPhys = "Z. Angew. Math. Phys." }
 @string{LAA     = "Linear Algebra and its Applications"} 
%
% publishers
%
 @String{Academic = "Academic Press" }
 @String{ACMPress = "{ACM} Press" }
 @String{AdamHilger = "Adam Hilger" }
 @String{AddisonWesley = "Addison-Wesley" }
 @String{AllynBacon = "Allyn and Bacon" }
 @String{AMS = "American Mathematical Society" }
 @String{Birkhauser = "Birkh{\"a}user" }
 @String{CambridgePress = "Cambridge University Press" }
 @String{Chelsea = "Chelsea" }
 @String{ClarendonPress = "Clarendon Press" }
 @String{DeGruyter = "De Gruyter"} %  Berlin
 @String{DoverPub = "Dover Publications" }
 @String{Eyolles = "Eyolles" }
 @String{Harvard = "Harvard University Press" }
 @String{Harvard = "Harvard University Press" }
 @String{HoltRinehartWinston = "Holt, Rinehart and Winston" }
 @String{Interscience = "Interscience" }
 @String{JohnsHopkinsPress = "The Johns Hopkins University Press" }
 @String{ManchesterUnivPress = "Manchester University Press" }
 @String{JohnWileySons = "John Wiley and Sons Inc." }
 @String{Macmillan = "Macmillan" }
 @String{MathWorks = "The Math Works Inc." }
 @String{McGrawHill = "McGraw-Hill" }
 @String{NatBurStd = "National Bureau of Standards" }
 @String{NorthHolland = "North-Holland" }
 @String{OxfordPress = "Oxford University Press" }  %address Oxford or London?
 @String{PergamonPress = "Pergamon Press" }
 @String{PlenumPress = "Plenum Press" }
 @String{PrenticeHall = "Prentice-Hall" }
 @String{PWSPub =       "PWS Publishing, Boston"}   
 @String{SIAMPub = "{SIAM} Publications" }
 @String{Springer = "Springer-Verlag" }
 @String{TeubnerS = "B.G. Teubner Stuttgart" }
 @String{TexasPress = "University of Texas Press" }
 @String{VanNostrand = "Van Nostrand" }
 @String{Vieweg = "Vieweg, Braunschweig, Germany" }
 @String{WHFreeman = "W.H. Freeman and Co." }

%
% Month abbreviations
%
 @String{Jan = "January" }
 @String{Feb = "February" }
 @String{Mar = "March" }
 @String{Apr = "April" }
 @String{May = "May" }
 @String{Jun = "June" }
 @String{Jul = "July" }
 @String{Aug = "August" }
 @String{Sep = "September" }
 @String{Oct = "October" }
 @String{Nov = "November" }
 @String{Dec = "December" }

%
% Local abbreviations
%
 @String{TUCZ     = "{TU} {C}hemnitz--{Z}wickau, Germany" }
 @String{TUC      = "{TU} {C}hemnitz, Germany" }
 @String{DepMath  = "{D}ep. {of} {M}athematics" }
 @String{TUB      = "{TU} {B}erlin, Germany" }
 @String{InstMath = "{I}nst. {of} {M}athematics" }
 @string{RAL      = "Rutherford Appleton Laboratory"}
 @string{TOMS     = "ACM Trans. Math. Softw."}
 @string{CERFACS = "CERFACS, Toulouse, France"}
%
% references in alphabetical order
% 





@book{DufER86,
  author       = {Iain S. Duff and A.M. Erisman and J.K. Reid},
  title        = {Direct Methods for Sparse Matrices},
  publisher    = OxfordPress, 
  year         = {1986}
}

@article{DufGL89,
  author       = {Iain S. Duff and Roger G. Grimes and John G. Lewis},
  title        = {Sparse matrix test problems},
  journal      = ACMMathSoft,
  volume       = {15},
  year         = {1989}, 
  pages        = {1--14}
}



@Book{GeoL81,
  author       = "J. Alan George and Joseph. W.H. Liu",
  year         = 1981,
  title        = "Computer Solution of Large Sparse Positive Definite Systems",
  publisher    = PrenticeHall,
  address      = "Englewood Cliffs, NJ, USA"
}



@book{GolV96,
  author       = {Gene H. Golub and Charles F. {V}an~{L}oan},
  title        = {Matrix Computations}, 
  edition      = {third},
  publisher    = JohnsHopkinsPress, 
  year         = {1996}
}


@techreport{KarK95a,
  author       = {G. Karypis and V. Kumar},
  title        = {A fast and high quality multilevel scheme for partitioning irregular graphs},
  type         = {Technical Report},
  number       = {95--035},
  address      = {Dept. of Computer Science}, 
  institution  = {University of Minnesota},
  year         = {1995}
}
@InProceedings{KarK97,
  author       = "George Karypis and Vipin Kumar",
  title        = "A Coarse-Grain Parallel Formulation of Multilevel
                  {$k$}-way Graph-partitioning Algorithm",
  booktitle    = "Proc. 8th {SIAM} Conference on Parallel Processing for
                  Scientific Computing",
  year         = 1997,
  organization = SIAMPub,
}


@techreport{Mol80,
  author       = {C. Moler}, 
  title        = {{MATLAB} User's Guide},
  type         = {Technical Report},
 number       = {CS81-1}, 
  address      = {Dept. of Computer Science}, 
  institution  = {University of New Mexico, Albuquerque}, 
  year         = {1980}
}



@TechReport{Bon90,
  author       = {S. Bondeli}, 
  title        = {Divide and conquer: A new parallel algorithm for the
                  solution of a tridiagonal linear system of equations}, 
  type         = {Preprint}, 
  institution  = {ETH Z{\"u}rich}, 
  address      = {Department Informatik, Institut f. Wissenschaftliches Rechnen},
  year         = {1990}
}



@InCollection{Pot95,
  author       = {Alex Pothen},
  title        = "Graph Partitioning Algorithms with Applications to
                  Scientific Computing",
  booktitle    = "Parallel Numerical Algorithms",
  publisher    = "Kluwer Academic Press",
  year         = 1995,
  editor       = "D. E. Keyes and A. H. Sameh and V. Venkatakrishnan "
}

                  
                  


@Book{HorJ85,
  author       = {Roger A. Horn and Charles R. Johnson},
  title        = {Matrix Analysis},
  publisher    = CambridgePress,
  year         = 1985
}

@Book{HorJ91,
  author       = {Roger A. Horn and Charles R. Johnson},
  title        = {Topics in Matrix Analysis},
  publisher    = CambridgePress,
  year         = 1991
}

@Article{Oul81,
  author       = {Danielle Valerie Oulette},
  title        = {{S}chur--Complements and Statistics},
  journal      = LinAlgApp,
  year         = 1981,
  pages        = {187--295},
  volume       = 36
}


@Misc{matlab,
  title        = {{MATLAB} Version 6.1 Release 12},
  author       = {{T}he~{M}ath{W}orks~{I}nc.},
  note         = {a software program},
  year         = 2001,
}


@Article{GibPS76,
  author       = {N.E. Gibbs and W.G. Poole and P.K. Stockmeyer},
  title        = {An algorithm for reducing the bandwidth and profile
		  of a sparse matrix}, 
  year         = 1976, 
  journal      = SIAMNumAnal,
  pages        = {236--250},
  volume       = 13
}





@Article{AlvS93,
   author      = {Fernando L. Alvarado and Robert S. Schreiber},
   title       = {Optimal Parallel Solution of Sparse Triangular
		  Systems},
   journal     = SIAMSciStat,
   year        = 1993,
   pages       = {444--460},
   volume      = 14,
   number      = 2
}


@Misc{Dav94,
  author       = {Tim Davis},
  title        = {Sparse Matrix Collection},
  note         = {available online at http://www.cise.ufl.edu/$\sim$davis/sparse/},
}


  

@article{DufK99S,
   author      = {Iain S. Duff and Jacko Koster},
   title       = {The design and use of algorithms for permuting large entries
                  to the diagonal of sparse matrices},
   journal     = SIAMMatrix,
   volume      = 20,
   pages       = {889-901},
   year        = 1999,
}



@Article{CliMSW79,
  author       = {A.K. Cline and Cleve B. Moler and G.W. Stewart and J.H. Wilkinson},
  title        = {An Estimate for the Condition Number of a Matrix},
  journal      = SIAMNumAnal,
  year         = 1979,
  pages        = {368--375},
  volume       = 16,
}


@Article{BisLP90,
  author       = {Christian H. Bischof and John G. Lewis and Daniel J. Pierce},
  title        = {Incremental Condition Estimation for Sparse Matrices},
  journal      = SIAMMatrix,
  year         = 1990,
  pages        = {644--659},
  volume       = 11,
  number       = 4, 
}

@Article{Bis90,
  author       = {Christian H. Bischof},
  title        = {Incremental Condition Estimation},
  journal      = SIAMMatrix,
  year         = 1990,
  pages        = {312--322},
  volume       = 11,
  number       = 2, 
}


@Book{Mey00,
  author       = {Carl D. Meyer},
  title        = {Matrix Analysis and Applied Linear Algebra},
  publisher    = SIAMPub,
  year         = 2000,
}




@article{DufR96,
   author  = {Iain S. Duff and J.K. Reid},
   title   = {The design of {M}{A}48, a code for the direct solution of sparse unsymmetric linear systems of equations},
   journal = ACMMathSoft,
   year    = 1996,
   volume  = 22,
   pages   = {187--226},
}


@TechReport{Dav95,
   author      = {Tim A. Davis},
   title       = {User's guide for the {U}nsymmetric--{p}attern {M}ulti{F}rontal {P}ackage ({U}{M}{F}{P}{A}{C}{K})},
   year        = 1995,
   type        = {Techn. Report},
   institution = {Computer and Information sciences department, University of Florida},
   number      = {TR--95--004},
}


@TechReport{DufGL92,
  author       = {Iain S. Duff and Roger G. Grimes and John G. Lewis},
  title        = {Users' guide for the {H}arwell--{B}oeing sparse matrix collection (Release 1)},
  institution =  {Rutherford Appleton Laboratory, Oxfordshire, England},
  number      = {RAL--TR--92--086},
  year         = 1992, 
}

@TechReport{DufGL97,
  author       = {Iain S. Duff and Roger G. Grimes and John G. Lewis},
  title        = {The {R}utherford--{B}oeing sparse matrix collection},
  institution  = {Rutherford Appleton Laboratory, Oxfordshire, England},
  number       = {RAL--TR--97--031},
  year         = 1997, 
}

@misc{MatrixMarket,
  author       = {{N}ational~{I}nstitute~of~{S}tandards},
  title        = {Matrix Market},
  note         = {available online at http://math.nist.gov/MatrixMarket/},
}









@InProceedings{HenL94,
  author =       "Bruce Hendrickson and Robert Leland",
  title =        "An Empirical Study of Static Load Balancing Algorithms",
  pages =        "682--685",
  booktitle =    "Proceedings of the Scalable High Performance
                  Computer Conference",
  year =         1994,
  organization = "IEEE",
  url =           "ftp://ftp.cs.sandia.gov/pub/papers/bahendr/empirical.ps.gz",
  myfilename=    "empirical.ps"
}                                                                               


@Article{KerL70,
  author =       "B.W. Kernighan and S. Lin",
  title =        "An Efficient Heuristic Procedure for Partitioning
                  Graphs",
  journal =      "The Bell System Technical Journal",
  year =         1970,
  volume =       29,
  number =       2,
  pages =        "291--307"
}                                                                               

@TechReport{SchKK97,
  author =       "Kirk Schloegel and George Karypis and Vipin Kumar",
  title =        "Multilevel Diffusion Schemes for Repartitioning of
                  Adaptive Meshes",
  institution =  "University of Minnesota, Department of Computer Science",
  year =         1997,
  number =       "TR 97-013",
  month =        jun,
  mynote =       "also ftp://ftp.cs.umn.edu/users/kumar/mlevel_diffuse_serial.ps",
  url =          "http://www-users.cs.umn.edu/\textasciitilde{}karypis/publications/Papers/Postscript/mlevel_diffuse_serial.ps.gz",
  myfilename =   "mlevel_diffuse_serial.ps"
}                                                                               

@Manual{KarSK99,
  title =        "ParMeTis: Parallel Graph Partitioning and Sparse
                  Matrix Ordering Library, Version 2.0",
  author =       "George Karypis and Kirk Schloegel and Vipin Kumar",
  organization = "University of Minnesota, Dept. of Computer Science",
  url =      "http://www-users.cs.umn.edu/\textasciitilde{}karypis/metis/parmetis/main.html",
  year =         1999,
  month =        sep
}                                                                               

@article{Fie73,
  author       = {M. Fiedler}, 
  title        = {Algebraic Connectivity of Graphs},
  journal      = CzechMath,
  volume       = {23},
  number       = {98},
  year         = {1973},
  pages        = {298--305}
}
 
@Article{Fie75,
  author =       "Miroslav Fiedler",
  title =        "A Property of Eigenvectors of Nonnegative Symmetric
                  Matrices and its Application to Graph Theory",
  journal =      "Czechoslovak Mathematical Journal",
  year =         1975,
  volume =       25,
  number =       100,
  pages =        "619--633"
}                                                                               

@TechReport{WalCE97,
  author =       "C. Walshaw and M.Cross and M. G. Everett",
  title =        "Parallel dynamic graph partitioning for unstructured meshes",
  institution =  "School of Mathematics, Statistics \& Computer
                  Science, University of Greenwich",
  year =         1997,
  number =       "97/IM/20",
  month =        mar,
  url =          "http://www.gre.ac.uk/\textasciitilde{}wc06/papers/ps/WalshawTR2097.ps.gz",
  myfilename =   "paradyn-un.ps",
  OPTannote =    ""
}                                                                               

                                                                                 
@InProceedings{WalCEJ94,
  author =       "C. Walshaw and M.Cross and M. G. Everett and
                  S.Johnson ",
  title =        "{JOSTLE}: Partitioning of Unstructured Meshes for
                  Massively Parallel Machines",
  editor =       "N. Satofuka and others",
  pages =        "273--280",
  booktitle =    "Parallel Computational Fluid Dynamics: New
                  Algorithms and Applications",
  year =         1994,
  publisher =    "Elsevier",
  address =      "Amsterdam",
  myfilename =   "jostle-pum.ps",
}
 
@Article{BarS94,
  author =       "Stephen T. Barnard and Horst D. Simon",
  title =        "A Fast Multilevel Implementation of Recursive
                  Spectral Bisection for Partitioning Unstructured Problems",
  journal =      "Concurrency: Practice and Experience",
  year =         1994,
  volume =       6,
  pages =        "101--107",
  month =        feb,
   url =           "http://www.nas.nasa.gov/NAS/TechReports/RNRreports/sbarnard/RNR-92-033/RNR-92-033.html",
  myfilename=    "ml-rsb.ps"
}
                                                                                 
@Manual{HenL95,
  title =        "The {Chaco} User's Guide Version 2",
  author =       "Bruce Hendrickson and Robert Leland",
  organization = "Sandia National Laboratories",
  address =      "Albuquerque NM",
  year =         1995,
  url =           "ftp://ftp.cs.sandia.gov/pub/papers/bahendr/guide.ps.gz",
  myfilename=    "chaco-guide.ps"
}


@Manual{KarK95,
  title =        "MeTis: Unstrctured Graph Partitioning and Sparse
                  Matrix Ordering System, Version 2.0",
  author =       "George Karypis and Vipin Kumar",
  year =         1995,
  month =        aug,
  url =           "http://www.cs.umn.edu/\textasciitilde{}karypis/metis/metis/files/manual.ps",
  myfilename=    "manual.ps"
}


@Article{Gri88,
  author =       {Roger G. Grimes},
  title =        {Solving Systems of Large Dense Linear Equations},
  journal =      JSuper,
  year =         1988,
  volume =       1,
  pages =        {291--299},
}


@Article{DemEGLL99,
  author =       {James W. Demmel and S. C. Eisenstat and John R. Gilbert and Xiaoye Sherry Li and Joseph W. H. Liu},
  title =        {A Supernodal Approach to Sparse Partial Pivoting},
  journal =      SIAMMatrix, 
  volume =       20,
  number =       3,
  pages =        {720--755},
  year =         1999,
}




@Article{GilP88,
  author =       {John R. Gilbert and Tim Peierls},
  title =        {Sparse partial pivoting in time proportional to arithmetic operations},
  journal =      SIAMSciStat,
  year =         1988,
  volume =       8,
  pages =        {862--874},
}


@Article{EisL93,
  author =       {S.C. Eisenstat and Joseph W. H. Liu},
  title =        {Exploiting structural symmetry in a sparse partial pivoting code},
  journal =      SIAMSciComp,
  year =         1993,
  volume =       14,
  pages =        {253--257},
}

@Article{GeoL89,
  author =       {Alan George and Joseph W. H. Liu},
  title =        {The Evolution of the Minimum Degree Ordering Algorithm},
  journal =      SIAMReview,
  year =         1989,
  volume =       31,
  pages =        {1--19},
}

@Article{GilMS92,
  author =       {John R. Gilbert and Cleve Moler and Robert Schreiber},
  title =        {Sparse Matrices in {MATLAB}: Design and Implementation},
  journal =      SIAMMatrix,
  year =         1992,
  volume =       13,
  pages =        {333-356},
}

@TechReport{Dav03,
  author =       {Timothy A. Davis},
  title =        {A column pre-ordering strategy for the unsymmetric-pattern multifrontal method},
  note =         {Submitted to ACM Trans. Math Software},
  institution =  {Univ. of Florida, Dept. of Computer and Information Science and Engineering},
  year =         2003,
  number =       {TR-03-006},
}

@TechReport{Dav02b,
  author =       {Timothy A. Davis},
  title =        {Algorithm 8xx: UMFPACK V3.2, an unsymmetric-pattern multifrontal method with a column
pre-ordering strategy},
  institution =  {Univ. of Florida},
  year =         2002,
  number =       {TR-02-002},
}

@Misc{GupJK98,
  author =       {Anshul Gupta and Mahesh Joshi and Vipin Kumar},
  title =        {WSSMP: A
                  High-Performance Serial and Parallel Symmetric Sparse Linear Solver},
  howpublished= {PARA'98 Workshop on Applied Parallel Computing in Large Scale
                  Scientific and Industrial Problems, Umea, Sweden},
  month       =  Jun,
  year        =  1998,
}

@Article{Gup02,
  author =       {Anshul Gupta},
  title =        {Improved Symbolic and Numerical Factorization Algorithms for Unsymmetric 
Sparse Matrices},
  journal =      SIAMMatrix,
  year =         2002,
  volume =       24,
  pages =        {529 - 552},
}


@Article{SchG04,
   author      = {Olaf Schenk and Klaus G\"artner},
   title       = {Solving unsymmetric sparse systems of linear equations with PARDISO},
   year        = 2004,
   journal     = JFGCS,
   volume      = 20,
   number      = 3,
   pages       = {475--487},
}


@Article{DufR83,
   author      = {Iain S. Duff and John K. Reid},
   title       = {The Multifrontal Solution of Indefinite Sparse Symmetric Linear Equations},
   year        = 1983,
   journal     = ACMMathSoft,
   volume      = 9,
   number      = 3,
   pages       = {302--325},
}

@Article{Liu90,
   author      = {Joseph W.H. Liu},
   title       = {The Role of Elimination Trees in Sparse Factorization},
   year        = 1990,
   journal     = SIAMMatrix,
   volume      = 11,
   number      = 1,
   pages       = {134--172},
}

@Article{DavD99,
   author      = {Timothy A. Davis and Iain S. Duff},
   title       = {A Combined Unifrontal/Multifrontal Method for Unsymmetric Sparse Matrices},
   year        = 1999,
   journal     = ACMMathSoft,
   volume      = 25,
   number      = 1,
   pages       = {1--19},
}

@Article{AmeDD96,
   author      = {Patrick Amestoy and Timothy A. Davis and Iain S. Duff},
   title       = {An Approximate Minimum Degree Ordering Algorithm},
   year        = 1996,
   journal     = SIAMMatrix,
   volume      = 17,
   number      = 4,
   pages       = {886--905},
}

@Article{DavD96,
   author      = {Timothy A. Davis and Iain S. Duff},
   title       = {An Unsymmetric--Pattern Multifrontal Method for Sparse LU Factorization},
   year        = 1996,
   journal     = SIAMMatrix,
   volume      = 18,
   number      = 1,
   pages       = {140--158},
}

@Article{Gil94,
   author      = {John R. Gilbert},
   title       = {Predicting Structure in Sparse Matrix Computations},
   year        = 1994,
   journal     = SIAMMatrix,
   volume      = 15,
   number      = 1,
   pages       = {162--79},
}


@Article{GilT00,
  author =       {John R. Gilbert and Sivan Toledo},
  title =        {An assessment of incomplete-LU preconditioners for nonsymmetric linear systems},
  journal =      Informatica,
  year =         2000,
  volume =       24,
  pages =        {409--425},
}



@Article{JonP95,
   author      = {M. Jones and M. Plassman},
   title       = {An improved {C}holeski factorization},
   year        = 1995,
   journal     = ACMMathSoft,
   volume      = 21,
   pages       = {5--17},
}

@Article{EisSS81,
   author      = {S.C. Eisenstat and M.H. Schultz and A.H. Sherman},
   title       = {Algorithms and data structures for sparse symmetric {G}aussian elimination},
   year        = 1981,
   journal     = SIAMSciStat,
   volume      = 2,
   pages       = {225--237},
}

@Article{LiSC03,
   author      = {Na Li and Yousef Saad and Edmond Chow},
   title       = {Crout versions of {I}{L}{U} for general sparse matrices},
   year        = 2004,
   journal     = SIAMSciComp,
   volume      = 25,
   number      = 2,
   pages       = {716--728},
}


@Article{GeoN87,
   author      = {J. Alan George and Esmond Ng},
   title       = {Symbolic factorization for sparse {G}aussian elimination with partial pivoting},
   year        = 1987,
   journal     = SIAMSciStat,
   volume      = 8,
   number      = 6,
   pages       = {877--898},
}


@Article{GeoN85,
   author      = {J. Alan George and Esmond Ng},
   title       = {An implementation of {G}aussian elimination with partial pivoting for sparse systems},
   journal     = SIAMSciStat,
   volume      = 6,
   number      = 2,
   year        = 1985,
   pages       = {390--409},
}

@Article{GeoN88,
   author      = {J. Alan George and Esmond Ng},
   title       = {A data structure for sparse $QR$ and $LU$ factorization},
   journal     = SIAMSciStat,
   volume      = 9,
   number      = 1,
   year        = 1988,
   pages       = {100--121},
}

@Article{GilL93,
   author      = {John R. Gilbert and Joseph W.H. Liu},
   title       = {Elimination structures for unsymmetric sparse $LU$ factors},
   journal     = SIAMMatrix,
   volume      = 14,
   number      = 2,
   year        = 1993,
   pages       = {334--352},
}

@Book{AhoHU83,
   author      = {A.V. Aho and J.E. Hopcroft and J.D. Ullman},
   title       = {Data structures and algorithms},
   publisher    = AddisonWesley,
   year         = 1983,
}

@Article{DodL85,
   author      = {D. Dodson and John G. Lewis},
   title       = {Issues relating to extension of the Basic Linear Algebra Subprograms},
   journal     = SIGNUM,
   volume      = 20,
   year        = 1985,
   pages       = {2--18},
}

@Article{DonDHH88,
   author      = {Jack J. Dongarra and J. {Du~Croz}  and Sven Hammarling and R. J. Hanson},
   title       = {Issues relating to extension of the Basic Linear Algebra Subprograms},
   journal     = SIGNUM,
   volume      = 20,
   year        = 1985,
   pages       = {2--18},
}


@Article{NgP93,
   author      = {Esmond G. Ng and Barry W. Peyton},
   title       = {Block sparse {C}holesky algorithms on advanced uniprocessor computers},
   journal     = SIAMSciStat,
   volume      = 14,
   number      = 2,
   year        = 1993,
   pages       = {1034--1056},
}

@Article{RotG91,
   author      = {E. Rothberg and Anshul Gupta},
   title       = {Efficient sparse matrix factorization on high-performance workstations --- exploiting the memory hierarchy},
   journal     = ACMMathSoft,
   volume      = 17,
   year        = 1991,
   pages       = {313--334},
}

@Article{RotG93,
   author      = {E. Rothberg and Anshul Gupta},
   title       = {An evaluation of left--looking, right--looking and multifrontal approaches to sparse {C}holesky factorization on hierarchical--memory machines},
   journal     = HighSpeed,
   volume      = 5,
   year        = 1993,
   pages       = {537--593},
}


@Article{AshG89,
   author      = {Cleve Ashcraft and Roger Grimes},
   title       = {The influence of relaxed supernode partitions on the multifrontal method},
   journal     = ACMMathSoft,
   volume      = 15,
   year        = 1989,
   pages       = {291--309},
}

@Article{AshGLPS87,
   author      = {Cleve Ashcraft and Roger Grimes and John Lewis and Barry Peyton and Horst Simon},
   title       = {Progress in sparse matrix methods for large sparse linear systems on vector supercomputers},
   journal     = IntSuper,
   volume      = 1,
   year        = 1987,
   pages       = {10--30},
}


@InProceedings{Tar83,
   author      = {R. E. Tarjan},
   title       = {Data Structures and Network algorithms},
   booktitle   = {CBMS--NSF Regional Conference Series in Applied Mathematics},
   journal     = SIAMPub,
   year        = 1983,
   volume      = 44,
}


@InCollection{GilN93,
   author      = {John R. Gilbert and Esmond Ng},
   title       = {Predicting structure in nonsymmetric sparse matrix factorizations},
  booktitle    = {Graph Theory and Sparse Matrix Computation},
  publisher    = Springer,
  year         = 1993,
  editor       = {J. Alan George and John R. Gilbert and Joseph W. H. Liu},
}

@Article{GeoH80,
   author      = {Alan George and Micheal T. Heath},
   title       = {Solution of sparse linear least squares problems using {G}ivens rotations},
   journal     = LinAlgApp,
   volume      = 34,
   year        = 1980,
   pages       = {69--83},
}


@TechReport{DavGLN00,
  author      = {Timothy A. Davis and John R. Gilbert and Stefan I. Larimore and Esmond G. Ng},
  title       = {A column approximate minimum degree ordering algorithm},
  institution =  {Univ. of Florida},
  year =         2000,
  number =       {TR-00-015},
}

@book{AndBBDDDGHMOS95,
  author       = {E. Anderson and Z. Bai and C. Bischof and J. Demmel
		 and J. Dongarra and J. Du~Croz and A. Greenbaum 
                 and S. Hammarling and A. McKenney and S. Ostrouchov 
                 and D. Sorensen},
  title        = {LAPACK Users' Guide, Second Edition},
  publisher    = SIAMPub,
  year         = {1995}
}


@Article{karypis:98,
  author =    "G.~Karypis and V.~Kumar",
  title =     "{A fast and high quality multilevel scheme for partitioning
                 irregular graphs}",
  journal =      "SIAM Journal on Scientific Computing",
  year =         "1998",
  volume =       "20",
  number =       "1",
  pages =        "359--392"
}


@Article{ngpeyton:93,
    author = {E.G.~Ng and B.W.~Peyton},
    title  ={{Block sparse Cholesky algorithms on
               advanced uniprocessor computers}},
    journal = "SIAM Journal on Scientific Computing",
    year =    "1993",
    volume =  "14",
    pages =   "1034--1056"
}

@Article{roosbroeck:1950,
  author = 	 {W. Van Roosbroeck},
  title = 	 {Theory of flow of electrons and holes in germanium and 
                  other semiconductors},
  journal = 	 {Bell Syst. Tech. J.},
  year = 	 {1950},
  volume = 	 29,
  pages = 	 {560--607}
}

@Manual{dessis:03,
  author = "{Integrated Systems Engineering AG}",
  title =    "{\sl DESSIS$_{\sl\bf-ISE}$} Reference Manual",
  url   = {http://www.ise.com},
  organization = "ISE Integrated Systems Engineering AG",
  year =     "2004"
}

@Manual{fielday:03,
  author = {{IBM Thomas Watson Research Center}},
  title =    "{\sl FIELDAY} Decive Simulation IBM Reference Manual",
  url   = {http://www.watson.ibm.com},
  organization = "IBM Thomas Watson Research Center",
  year =     "2004"
}

@Article{brf:83,
    author = {R.E.~Bank and D.J.~Rose and W.~Fichtner},
    title = {Numerical methods for semiconductor device simulation},
    journal = {SIAM Journal on Scientific and Statistical Computing},
    volume = 4,
    number = 3,
    pages = {416--435},
    year = 1983
}

@TechReport{Waechter:2004:ONTIM,
  author =       {A. W\"achter and L. T. Biegler},
  title =        {On the Implementation of a Primal-Dual Interior
                  Point Filter Line Search Algorithm for Large-Scale
                  Nonlinear Programming},
  institution =  {IBM T. J. Watson Research Center},
  year =         {2004},
  address =      {Yorktown, NY},
  month =        {March},
  url =          {http://www.research.ibm.com/people/a/andreasw/papers/ipopt.pdf}
}

@techreport{scottgould:2004,
    author = {N.I.M.~Gould and Y.~Hu and J.A.~Scott},
    title  = {A numerical evaluation of sparse direct solvers for the
              solution of large sparse, symmetric linear systems of equations},
    institution = RAL,
    year   = 2004,
    note   = {to appear}
}


@article{gupta:02,
    author   = {A. Gupta},
    title    = {Recent Advances in Direct Methods for Solving Unsymmetric
                Sparse Systems of Linear Equations},
     JOURNAL =  TOMS,
     YEAR    = {September 2002},
     NUMBER  = {3},
     VOLUME  = {28},
     PAGES   = {301--324}
}

@TechReport{dupr:04a,
  author =       {I.~S.~Duff and S.~Pralet},
  title =        {Strategies for scaling and pivoting for sparse
                  symmetric indefinite problems},
  year =         {2004},
  institution =  CERFACS,
  type =         {{T}echnical {R}eport},
  number =       {TR/PA/04/59},
  keywords =     {indefinite matrice, weighted matching, scaling,
                  multifrontal solver.},
  ps =           {http://www.cerfacs.fr/algor/reports/2004/TR_PA_04_59.ps.gz},
  pdf =          {http://www.cerfacs.fr/algor/reports/2004/TR_PA_04_59.pdf}
}

@article{oschenk:bit,
       author = {O.~Schenk and K.~G\"artner and W.~Fichtner},
       title  = "{Efficient sparse ~LU factorization with left-right 
                  looking strategy on shared  memory multiprocessors}",
        journal= {BIT},
        volume = 40,
        number = 1,
        year   = 2000,
        pages  = {158--176}
}

@techreport{gupta:00,
    author = {A. Gupta},
    title = {{WSMP}: Watson sparse matrix package ({Part-II}: 
              direct solution of general sparse systems},
    institution = {IBM T. J. Watson Research Center, Yorktown Heights, NY},
    number = {RC 21888 (98472)},
    month = {November 20, },
    year = {2000} }

@article{gupta:02b,
    author = {A. Gupta},
    title  = {Improved Symbolic and Numerical Factorization Algorithms 
              for Unsymmetric Sparse Matrices},
     JOURNAL = SIMAX,
     VOLUME = {24},
     NUMBER = {2},
     PAGES = {529--552},
     year = {2002} }
}

@article{superlu:04,
   author    = {X. S. Li and J. W. Demmel},
   title     = {{SuperLU\_DIST: A}  Scalable Distributed-Memory Sparse Direct
                  Solver for Unsymmetric Linear Systems},
   journal   = TOMS,
   note      = {Accepted, in press.}
}

@article{amde:00,
    author ={P. R. Amestoy and I. S. Duff and J.-Y. L'Excellent},
    title  ={Multifrontal parallel distributed symmetric
            and unsymmetric solvers},
    journal = "Comput. Methods in Appl. Mech. Engrg.",
    volume  = "184",
    year    ={2000},
    pages   = {501-520}
}

@article{gupta:04,
    author  = {A. Gupta},
    title   = {A shared- and distributed-memory parallel sparse direct solver},
    journal = JFGCS,
    note   = {Submited} }
}

@article{toledo:04,
   author    = {O.~Meshar and S.~Toledo},
   title     = {An out-of-core sparse symmetric indefinite
                factorization method },
   journal   = TOMS,
   note =    {Submitted. Under revision.}
}

@article{fiedler:75,
    author = {M.~Fiedler},
    title  = {A property of eigenvectors of nonnegative symmetric
              matrices and its application to graph theory},
    journal= {Czecheslovak Mathematical Journal},
    volume = 25,
    number = 100,
    year   = 1975,
    pages  = {619--633}
}


@InProceedings{Berge,
   author =       {Claude Berge},
   title  =       {Two theorems in graph theory},
   pages  =       "842--844",
  booktitle =    "Proceedings of National Academy of Science",
  year =         1957,
  address =      "USA"
}

@Article{olschowka:1996,
  author = 	 {M.~Olschowka and A.~Neumaier},
  title = 	 {A New Pivoting Strategy for {G}aussian Elimination},
  journal = 	 LAA,
  year = 	 1996,
  volume = 	 240,
  pages = 	 {131--151}
}

@techreport{gupta:99,
    author = {A. Gupta and L. Ying},
    title = {On algorithms for finding maximum matchings in bipartite graphs},
    institution = {IBM T. J. Watson Research Center, Yorktown Heights, NY},
    number = {RC 21576 (97320)},
    month = {October 25,},
    year = {1999} }

@Article{benzi:2000:phi,
  author =       {M.~Benzi and J.C.~Haws and M.~Tuma},
  title =        {Preconditioning highly indefinite and nonsymmetric matrices},
  journal =      SIAMSciComp,
  year =         2000,
  volume =       22,
  number =       4,
  pages =        {1333--1353}
}

@article{oschenkrogu:04,
    title  = {The Effects of Unsymmetric Matrix Permutations and Scalings in Semiconductor Device 
              and Circuit Simulation},
    author = {O.~Schenk and S.~R\"ollin and A.~Gupta},
    journal= {IEEE Transactions On Computer-Aided Design Of Integrated Circuits And Systems},
    volume = 23,
    number = 3 ,
    year   = 2004,
}



@InCollection{Ros72,
    author = {D. J. Rose},
    title = {A graph-theoretic study of the numerical solution of sparse positive definite systems of linear equations},
  booktitle    = {Graph Theory and Computing},
  publisher    = Academic,
  year         = 1972,
  editor       = {R. C. Read},
}

@inproceedings{cm:69,
    author = {E.~Cuthill and J.~McKee},
    title  = {Reducing the bandwidth of sparse symmetric matrices},
    booktitle = {Proceedings of the 24th national conference of the ACM},
    year   = 1969,
    organization = {ACM},
}



@Article{LiuS76,
   author      = {Joseph W.H. Liu and A.H. Sherman},
   title       = {Comparative analysis of the {C}uthill--{M}c{K}ee and the reverse {C}uthill--{M}c{K}ee ordering algorithms for sparse matrices},
   journal     = SIAMNumAnal,
   volume      = 13,
   year        = 1976,
   pages       = {198--213},
}

@techreport{LasK13,
    author = {Dominique LaSalle and George Karypis},
    title = {Multi--Threaded Graph Partitioning},
    institution = {Department of Computer Science \& Engineering, University of Minnesota, Minneapolis},
    year = {2013},
}

@Article{LanPM11,
   author      = {Johannes Langguth and Md. Mostofa Ali Patwary and Fredrik Manne},
   title       = {Parallel algorithms for bipartite matching problems on distributed memory computers},
   journal     = ParComputing,
   volume      = 37,
   number      = 12,
   year        = 2011,
   pages       = {820--845},
}

@Article{LanAM14,
   author      = {Johannes Langguth and  A. Azad and Fredrik Manne},
   title       = {On parallel push–relabel based algorithms for bipartite maximum matching},
   journal     = ParComputing,
   volume      = 40,
   number      = 7,
   year        = 2014,
   pages       = {289--308},
}

@Article{CheP08,
   author      = {C. Chevalier and Fran\c{}ois Pellegrini},
   title       = {{PT-SCOTCH}: a tool for efficient parallel graph ordering},
   journal     = ParComputing,
   volume      = 34,
   number      = {6--8},
   year        = 2008,
   pages       = {318--331},
}

@InProceedings{FidM97,
  author       = {C. M. Fiduccia and R. M. Mattheyses},
  title        = {A linear-time heuristic for improving network
partitions},
  booktitle    = {Proceedings of the 19th Design Automation Conference},
  year         = 1997,
  organization = {IEEE},
  pages        ={175–-181},
}

@book{Dav06,
  author       = {Timothy Alden Davis},
  title        = {Direct Methods for Sparse Linear Systems},
  publisher    = SIAMPub,
  year         = 2006,
}

@Article{PelRA00,
   author      = {Fran{\c}ois Pellegrini and Jean Roman and Patrick Amestoy},
   title       = {Hybridizing Nested Dissection and Halo Approximate Minimum Degree for Efficient Sparse Matrix Ordering},
   journal     = {Concurrency: Practice and Experience},
   volume      = 12,
   year        = 2000,
   pages       = {69--84},
}

@article{schenk-2004,
  author = {Olaf Schenk and Klaus G\"artner},
  title = {Solving unsymmetric sparse systems of linear equations with {PARDISO}},
  journal = {Journal of Future Generation Computer Systems},
  volume = 20,
  number = 3,
  pages = {475--487},
  year = 2004,
  OPTnote = {Selected numerical algorithms},
  issn = {0167-739X},
  OPTdoi = {10.1016/j.future.2003.07.011},
}

@Article{Feng2015,
   author      = {Xueqian Zhao and Lengfei Han and Zhuo Feng},
   title       = {A Performance-Guided Graph Sparsification Approach to Scalable and Robust SPICE-Accurate Integrated Circuit Simulations},
   journal     = {IEEE Transactions on Computer-Aided Design of Integrated Circuits and Systems},
   volume      = 34,
   year        = 2015,
   pages       = {1639-1651},
}

@inproceedings{davis:klu,
        author = "Tim Davis and Ken Stanley",
        title  = "Sparse {LU} Factorization of Circuit Simulation Matrices",
        booktitle = "Numerical Aspects of Circuit and Device Modeling Workshop",
        month = "June",
        year = 2004
}
        
@article{superlu,
       author = {Xiaoye S. Li},
       title = {An overview of {SuperLU}: Algorithms, implementation, and user interface},
       journal = {ACM Trans. Math. Softw.},
       volume = {31},
       number = {3},
       year = {2005},
       issn = {0098-3500},
       pages = {302--325},
       doi = {http://doi.acm.org/10.1145/1089014.1089017},
       publisher = {ACM},
       address = {New York, NY, USA},
}

@ARTICLE{davis:amd,
       author = {Patrick Amestoy and Timothy A. Davis and Iain S. Duff},
       title = {An approximate minimum degree ordering algorithm},
       journal = {SIAM Journal on Matrix Analysis and Applications},
       year = {1996},
       volume = {17},
       pages = {886--905}
}
@article{markowitz,
        author = "Harry M. Markowitz",
        title = "The elimination form of the inverse and its application to linear
                 programming",
        journal = "Management Science",
        volume = 3,
        pages = "255-269",
        month = apr,
        year = 1957}


@techreport{nagel:spice2,
        author = "Laurence W. Nagel",
        title  = "{SPICE2:} A computer program to simulate semiconductor circuits",
        number = "No. ERL-M520",
        type   = "Memorandum",
        institution = "University of California",
        address = "Berkeley, California",
        month = may,
        year = 1975}


@article{berry:sparse,
author={R. {Berry}},
journal={IEEE Transactions on Circuit Theory},
title={An Optimal Ordering of Electronic Circuit Equations for a Sparse Matrix Solution},
year={1971},
volume={18},
number={1},
pages={40-50},
keywords={Computer-aided circuit analysis;Sparse-matrix methods;Electronic circuits;Equations;Sparse matrices;Circuit theory;Digital filters;Integrated circuit synthesis;Transfer functions;Computer aided manufacturing;Computer networks;Band pass filters},
doi={10.1109/TCT.1971.1083215},
ISSN={0018-9324},
month={January}
	}

@ARTICLE{davis:amd,
       author = {Patrick Amestoy and Timothy A. Davis and Iain S. Duff},
       title = {An approximate minimum degree ordering algorithm},
       journal = {SIAM Journal on Matrix Analysis and Applications},
       year = {1996},
       volume = {17},
       pages = {886--905}
}

@ARTICLE{erisman:unsym,
       author = {A. M. Erisman and R. G. Grimes and W. G. Poole and H. D. Simon},
       title = {Evaluation of orderings for unsymmetric sparse matrices},
       journal ="SIAM Journal on Scientific and Statistical Computing",
       year = {1987},
       volume = {8},
       pages = {600--624}
}

@article{tinney,
author={W. F. {Tinney} and J. W. {Walker}},
journal={Proceedings of the IEEE},
title={Direct solutions of sparse network equations by optimally ordered triangular factorization},
year={1967},
volume={55},
number={11},
pages={1801-1809},
keywords={Equations;Sparse matrices;Matrix decomposition;Symmetric matrices;Power system transients;Power system stability;Gaussian processes;Power industry;Computer applications;Roundoff errors},
doi={10.1109/PROC.1967.6011},
ISSN={0018-9219},
month={Nov}
}

@TechReport{minimumdegree,
        author = "Alan George and Joseph W. H. Liu",
        title  = "The Evolution of the Minimum Degree Ordering Algorithm",
        number = "ORNL/TM10452",
        institution = "Oak Ridge National Laboratory",
        type   = "Technical report",
        month  = May,
        year   = 1987
}

@inproceedings{Rewienski2011APO,
  title={A Perspective on Fast-SPICE Simulation Technology},
  author={M. Rewienski},
  publisher={Springer, Dordrecht},
  year={2011}
}

@article{Chen2013,
  title={NICSLU: An Adaptive Sparse Matrix Solver for Parallel Circuit Simulation},
  author ={Xiaoming Chen and Yu Wang and Huazhong Yang},
  journal ={IEEE Transactions on Computer-Aided Design of Integrated Circuits and Systems},
  volume= {32},
  year = {2013},
  pages= {261-274}
}

@article{Booth2017,
   title={Basker: Parallel sparse LU factorization utilizing hierarchical parallelism and data layouts},
   author ={Joshua D. Booth and Nathan D. Ellingwoodb and Heidi K. Thornquist, Sivasankaran Rajamanickamb},
   journal ={Parallel Computing},
    volume = {68},
    year = {2017},
   pages = {17-31}
}

@article{Chen2015,
    title= {GPU-Accelerated Sparse LU Factorization for Circuit Simulation with Performance Modeling},
    author = {Xiaoming Chen and Ling Ren and Yu Wang and Huazhong Yang},
    journal = {IEEE TrAnsactions on Parallel and Distributed Systems},
    volume = {26},
    year = {2015},
    pages = {786-795}
}
@article{Nakhla2018,
    title = {Dynamic GPU Parallel Sparse LU Factorization for Fast Circuit Simulation},
    author={Wai-Kong Lee and Raghavendra Achar and Michel S. Nakhla},
    journal = {IEEE Transactions on Very Large Scale Integration (VLSI) Systems},
    year = {2018},
    pages = {1-12}
}

@PHDTHESIS{20.500.11850/144477,
	author = {Schenk, Olaf},
	school = {ETH Zurich},
	publisher = {ETH Zurich},
	year = {2000},
	language = {en},
	copyright = {In Copyright - Non-Commercial Use Permitted},
	keywords = {VERTEILTE ALGORITHMEN + PARALLELE ALGORITHMEN (PROGRAMMIERMETHODEN); PARALLELPROZESSOREN + PARALLELCOMPUTER + PARALLELARCHITEKTUREN (COMPUTERSYSTEME); VERTEILTE SPEICHER (BETRIEBSSYSTEME); DISTRIBUTED ALGORITHMS + PARALLEL ALGORITHMS (PROGRAMMING METHODS); PARALLEL PROCESSORS + PARALLEL COMPUTERS + PARALLEL ARCHITECTURES (COMPUTER SYSTEMS); SHARED MEMORIES + DISTRIBUTED MEMORIES (OPERATING SYSTEMS)},
	size = {131 S.},
	adress = {Zürich},
	title = {Scalable parallel sparse LU factorization methods on shared memory multiprocessors},
	Note = {Diss. Technische Wissenschaften ETH Zurich, Nr. 13515, 2000.}
}

@article{Sadayappan89,
    title = {Efficient Sparse Matrix Factorization for Circuit Simulation on Vector Supercomputers},
    author = {P. Sadayappan and V. Visvanathan}, 
    journal = {IEEE TRANSACTIONS ON COMPUTER-AIDED DESIGN},
    volume = {8},
    year = {1989},
    pages = {1276-1285}
}
