@article{klawonn2002dual,
	title={Dual-primal FETI methods for three-dimensional elliptic problems with heterogeneous coefficients},
	author={Klawonn, Axel and Widlund, Olof B and Dryja, Maksymilian},
	journal={SIAM Journal on Numerical Analysis},
	volume={40},
	number={1},
	pages={159--179},
	year={2002},
	OPTpublisher={SIAM}
}

@misc{agner-2016-11-3,
  author = {Agner Fog},
  title = {Optimization manuals - 3. {T}he microarchitecture of {I}ntel, {AMD} and {VIA} {CPU}s: {A}n optimization guide for assembly programmers and compiler makers},
  year = {2016},
  month = {Nov},
  howpublished = {\url{http://www.agner.org/optimize/microarchitecture.pdf}},
}


@book{doi:10.1137/1.9780898718881,
	author = {Davis, T.},
	title = {Direct Methods for Sparse Linear Systems},
	OPTpublisher = {Society for Industrial and Applied Mathematics},
	year = {2006},
	doi = {10.1137/1.9780898718881},
	OPTaddress = {},
	edition   = {},
	URL = {http://epubs.siam.org/doi/abs/10.1137/1.9780898718881},
	eprint = {http://epubs.siam.org/doi/pdf/10.1137/1.9780898718881}
}

@Inbook{Amestoy2001,
	author="Amestoy, Patrick R.
		and Duff, Iain S.
		and L'Excellent, Jean-Yves
		and Koster, Jacko",
	editor="S{\o}revik, Tor
		and Manne, Fredrik
		and Gebremedhin, Assefaw Hadish
		and Moe, Randi",
	title="MUMPS: A General Purpose Distributed Memory Sparse Solver",
	bookTitle="Applied Parallel Computing. New Paradigms for HPC in Industry and Academia: 5th International Workshop, PARA 2000 Bergen, Norway, June 18--20, 2000 Proceedings",
	year="2001",
	OPTpublisher="Springer Berlin Heidelberg",
	OPTaddress="Berlin, Heidelberg",
	pages="121--130",
	isbn="978-3-540-70734-9",
	doi="10.1007/3-540-70734-4_16",
	url="http://dx.doi.org/10.1007/3-540-70734-4_16"
}


@article{amestoy-2000,
  author = {P.R. Amestoy and I.S. Duff and J.-Y. L'Excellent},
  title = {Multifrontal parallel distributed symmetric and unsymmetric solvers },
  OPTjournal = {Computer Methods in Applied Mechanics and Engineering },
  journal = {Comput. Methods in Appl. Mech. Eng.},
  volume = {184},
  number = {2--4},
  pages = {501 - 520},
  year = {2000},
  issn = {0045-7825},
  OPTdoi = {10.1016/S0045-7825(99)00242-X},
  note = {\bibdoiurl{10.1016/S0045-7825(99)00242-X}},
}

@article{amestoy-2001,
  author = {Patrick R. Amestoy and Iain S. Duff and Jean-Yves L'Excellent and Jacko Koster},
  title = {A Fully Asynchronous Multifrontal Solver Using Distributed Dynamic Scheduling},
  OPTjournal = {SIAM Journal on Matrix Analysis and Applications},
  journal = {SIAM J. Matrix Anal. Appl.},
  volume = {23},
  number = {1},
  pages = {15-41},
  year = {2001},
  OPTdoi = {10.1137/S0895479899358194},
  note = {\bibdoiurl{10.1137/S0895479899358194}},
}

@article{amestoy-2006,
  author = {Patrick R. Amestoy and Abdou Guermouche and Jean-Yves L'Excellent and Stéphane Pralet},
  title = {Hybrid scheduling for the parallel solution of linear systems },
  journal = {Parallel Computing },
  volume = {32},
  number = {2},
  pages = {136 - 156},
  year = {2006},
  OPTnote = {Parallel Matrix Algorithms and Applications (PMAA’04)},
  issn = {0167-8191},
  OPTdoi = {10.1016/j.parco.2005.07.004},
  note = {\bibdoiurl{10.1016/j.parco.2005.07.004}},
}




@article{bauer-2016,
   author = {{Bauer}, S. and {Mohr}, M. and {R{\"u}de}, U. and {Weism{\"u}ller}, J. and 
	{Wittmann}, M. and {Wohlmuth}, B.},
    title = "{A two-scale approach for efficient on-the-fly operator assembly in massively parallel high performance multigrid codes}",
  journal = {ArXiv e-prints},
   eprint = {1608.06473},
     year = 2016,
    month = aug,
  note = {\bibarxurl{1608.06473}},
}

@article{davis-2004,
  author = {Davis, Timothy A.},
  title = {Algorithm 832: {UMFPACK} {V}4.3---an Unsymmetric-pattern Multifrontal Method},
  journal = {ACM Trans. Math. Softw.},
  issue_date = {June 2004},
  volume = {30},
  number = {2},
  month = jun,
  year = {2004},
  issn = {0098-3500},
  pages = {196--199},
  numpages = {4},
  OPTpublisher = {ACM},
  OPTaddress = {New York, NY, USA},
  doi = {10.1145/992200.992206},
  note = {\bibdoiurl{10.1145/992200.992206}},
} 

@article{gmeiner-2015,
  author = {Bj\"orn Gmeiner and Ulrich R\"ude and Holger Stengel and Christian Waluga and Barbara Wohlmuth},
  title = {Performance and Scalability of Hierarchical Hybrid Multigrid Solvers for {S}tokes Systems},
  journal = {SIAM J. Sci. Comput.},
  OPTjournal = {SIAM Journal on Scientific Computing},
  volume = {37},
  number = {2},
  pages = {C143-C168},
  year = {2015},
  OPTdoi = {10.1137/130941353},
  note = {\bibdoiurl{10.1137/130941353}},
}

@misc{intel-iaca,
  author = {{Intel Corp.}},
  title = {{I}ntel {A}rchitecture {C}ode {A}nalyzer},
  howpublished = {\url{http://software.intel.com/en-us/articles/intel-architecture-code-analyzer}},
  year = {2017},
  note = {Version: 2.3},
}

@misc{intel-orm-2016,
  author = {{Intel Corp.}},
  title = {{I}ntel64 and {IA}-32 {A}rchitectures {O}ptimization {R}eference {M}anual},
  OPThowpublished = {\url{http://www.intel.com/content/dam/doc/manual/64-ia-32-architectures-optimization-manual.pdf}},
  year = {2016},
  note = {Version: June 2016},
}

@article{hager-2012-ecm,
  author    = {Georg Hager and Jan Treibig and Johannes Habich and Gerhard Wellein},
  title     = {Exploring performance and power properties of modern multicore
               chips via simple machine models},
  OPTjournal = {Concurrency and Computation: Practice and Experience},
	journal = {Concurr. Comput.},
  OPTpublisher = {John Wiley \& Sons, Ltd},
  OPTissn = {1532-0634},
  OPTurl = {http://dx.doi.org/10.1002/cpe.3180},
  OPTdoi = {10.1002/cpe.3180},
  year = {2016},
  note = {\bibdoiurl{10.1002/cpe.3180}},
}

@inproceedings{hofmann-2014,
 author = {Hofmann, Johannes and Treibig, Jan and Hager, Georg and Wellein, Gerhard},
 title = {Comparing the Performance of Different x86 {SIMD} Instruction Sets for a Medical Imaging Application on Modern Multi- and Manycore Chips},
 booktitle = {Proceedings of the 2014 Workshop on Programming Models for SIMD/Vector Processing},
 series = {WPMVP '14},
 year = {2014},
 isbn = {978-1-4503-2653-7},
 location = {Orlando, Florida, USA},
 pages = {57--64},
 numpages = {8},
 OPTdoi = {10.1145/2568058.2568068},
 OPTpublisher = {ACM},
 OPTaddress = {New York, NY, USA},
 note = {\bibdoiurl{10.1145/2568058.2568068}},
} 

@Inbook{hofmann-2016-hsw,
  author = {Hofmann, Johannes and Fey, Dietmar and Eitzinger, Jan and Hager, Georg and Wellein, Gerhard},
  editor = {Hannig, Frank and Cardoso, Jo{\~a}o M. P.  and Pionteck, Thilo and Fey, Dietmar and Schr{\"o}der-Preikschat, Wolfgang and Teich, J{\"u}rgen},
  title = {Analysis of {I}ntel's {H}aswell Microarchitecture Using the {ECM} Model and Microbenchmarks},
  booktitle = {Architecture of Computing Systems -- ARCS 2016: 29th International Conference, Nuremberg, Germany, April 4--7, 2016, Proceedings},
  year = {2016},
  OPTpublisher = {Springer International Publishing},
  OPTaddress = {Cham},
  pages = {210--222},
  isbn = {978-3-319-30695-7},
  OPTdoi = {10.1007/978-3-319-30695-7_16},
  OPTnote = {\bibdoiurl{10.1007/978-3-319-30695-7_16}},
  note = {\bibdoiurl{10.1007/978-3-319-30695-7\_16}},
}

@article{hofmann-2016-kahan,
  author = {Hofmann, Johannes and Fey, Dietmar and Riedmann, Michael and Eitzinger, Jan and Hager, Georg and Wellein, Gerhard},
  title = {Performance analysis of the {K}ahan-enhanced scalar product on current multi-corecore and many-core processors},
  journal = {Concurrency and Computation: Practice and Experience},
  issn = {1532-0634},
  year = {2016},
  OPTdoi = {10.1002/cpe.3921},
  note = {\bibdoiurl{10.1002/cpe.3921}},
}

@book{jacob-2007,
 author = {Jacob, Bruce and Ng, Spencer and Wang, David},
 title = {Memory Systems: Cache, DRAM, Disk},
 year = {2007},
 isbn = {0123797519, 9780123797513},
 OPTpublisher = {Morgan Kaufmann Publishers Inc.},
 OPTaddress = {San Francisco, CA, USA},
} 

@inbook{klawonn-2015,
 author = {Klawonn, Axel
 and Lanser, Martin
 and Rheinbach, Oliver
 and Stengel, Holger
 and Wellein, Gerhard},
 editor={Mehl, Miriam
 and Bischoff, Manfred
 and Sch{\"a}fer, Michael},
 title = {Hybrid {MPI}/{O}pen{MP} Parallelization in {FETI-DP} Methods},
 bookTitle = {Recent Trends in Computational Engineering - CE2014: Optimization, Uncertainty, Parallel Algorithms, Coupled and Complex Problems},
 year={2015},
 OPTpublisher="Springer International Publishing",
 OPTaddress="Cham",
 OPTpages={67--84},
 isbn="978-3-319-22997-3",
 OPTdoi="10.1007/978-3-319-22997-3_4",
 note = {{LNSCE}, vol. 105, \bibdoiurl{10.1007/978-3-319-22997-3\_4}},
 OPTurl="https://doi.org/10.1007/978-3-319-22997-3_4"
}

@inbook{kuzmin-2013,
  author = {Kuzmin, Andrey and Luisier, Mathieu and Schenk, Olaf},
  editor = {Wolf, Felix and Mohr, Bernd and an Mey, Dieter},
  title = {Fast Methods for Computing Selected Elements of the {G}reen's Function in Massively Parallel Nanoelectronic Device Simulations},
  booktitle = {Euro-Par 2013 Parallel Processing: 19th International Conference, Aachen, Germany, August 26-30, 2013. Proceedings},
  volume = {8097},
  series = {Lecture Notes in Computer Science},
  year = 2013,
  OPTpublisher = {Springer Berlin Heidelberg},
  OPTaddress = {Berlin, Heidelberg},
  pages = {533--544},
  isbn = {978-3-642-40047-6},
  OPTdoi = {10.1007/978-3-642-40047-6_54},
  OPTnote = {\bibdoiurl{10.1007/978-3-642-40047-6_54}},
  note = {\bibdoiurl{10.1007/978-3-642-40047-6\_54}},
}

@article{malas-2015,
  author    = {Tareq M. Malas and Georg Hager and Hatem Ltaief and David E. Keyes},
  title     = {Multi-dimensional intra-tile parallelization for memory-starved stencil computations},
  journal   = {CoRR},
  volume    = {abs/1510.04995},
  year      = {2015},
  note = {\bibarxurl{1510.04995}},
}

@article{malas-2015-diamond,
  author = {T. Malas and G. Hager and H. Ltaief and H. Stengel and G. Wellein and D. Keyes},
  title = {Multicore-Optimized Wavefront Diamond Blocking for Optimizing Stencil Updates},
  OPTjournal = {SIAM Journal on Scientific Computing},
  journal = {SIAM J. Sci. Comput.},
  volume = {37},
  number = {4},
  pages = {C439-C464},
  year = {2015},
  OPTdoi = {10.1137/140991133},
  note = {\bibdoiurl{10.1137/140991133}},
}

@article{mccalpin-1995,
  author = {John D. McCalpin},
  title = {Memory Bandwidth and Machine Balance in Current High Performance Computers},
  journal = {IEEE Computer Society Technical Committee on Computer Architecture (TCCA) Newsletter},
  year = {1995},
  pages = {19--25},
  month = dec,
  pdf = {http://tab.computer.org/tcca/NEWS/DEC95/dec95_mccalpin.ps},
}

@article{schenk-2004,
  author = {Olaf Schenk and Klaus G\"artner},
  title = {Solving unsymmetric sparse systems of linear equations with {PARDISO}},
  OPTjournal = {Journal of Future Generation Computer Systems},
  journal = {J. Future. Gener. Comp. Sy.}, 
  volume = 20,
  number = 3,
  pages = {475--487},
  year = 2004,
  OPTnote = {Selected numerical algorithms},
  issn = {0167-739X},
  OPTdoi = {10.1016/j.future.2003.07.011},
  note = {\bibdoiurl{10.1016/j.future.2003.07.011}},
}

@inproceedings{stengel-2015,
 author = {Stengel, Holger and Treibig, Jan and Hager, Georg and Wellein, Gerhard},
 title = {Quantifying Performance Bottlenecks of Stencil Computations Using the Execution-Cache-Memory Model},
 OPTbooktitle = {Proceedings of the 29th ACM on International Conference on Supercomputing},
 booktitle = {Proc. ICS'15},
 OPTseries = {ICS'15},
 year = {2015},
 isbn = {978-1-4503-3559-1},
 location = {Newport Beach, California, USA},
 pages = {207--216},
 numpages = {10},
 OPTdoi = {10.1145/2751205.2751240},
 note = {\bibdoiurl{10.1145/2751205.2751240}},
 OPTpublisher = {ACM},
 OPTaddress = {New York, NY, USA},
} 

@inbook{treibig-2010-ecm,
  author = {Treibig, Jan and Hager, Georg},
  editor = {Wyrzykowski, Roman and Dongarra, Jack and Karczewski, Konrad and Wasniewski, Jerzy},
  title = {Introducing a Performance Model for Bandwidth-Limited Loop Kernels},
  bookTitle = {Parallel Processing and Applied Mathematics: 8th International Conference, PPAM 2009, Wroclaw, Poland, September 13-16, 2009. Revised Selected Papers, Part I},
  year = {2010},
  OPTpublisher = {Springer Berlin Heidelberg},
  OPTaddress = {Berlin, Heidelberg},
  OPTpages = {615--624},
  isbn = {978-3-642-14390-8},
  OPTdoi = {10.1007/978-3-642-14390-8_64},
  OPTnote = {\bibdoiurl{10.1007/978-3-642-14390-8_64}},
  note = {\bibdoiurl{10.1007/978-3-642-14390-8\_64}},
}

@article{williams-2009,
  author = {Williams, Samuel and Waterman, Andrew and Patterson, David},
  title = {Roofline: an insightful visual performance model for multicore architectures},
  journal = {Commun. ACM},
  issue_date = {April 2009},
  volume = {52},
  number = {4},
  month = apr,
  year = {2009},
  OPTissn = {0001-0782},
  pages = {65--76},
  numpages = {12},
  OPTpublisher = {ACM},
  OPTaddress = {New York, NY, USA},
  OPTurl = {http://doi.acm.org/10.1145/1498765.1498785},
  OPTdoi = {10.1145/1498765.1498785},
  note = {\bibdoiurl{10.1145/1498765.1498785}},
}

@article{wittmann-2013-sc13,
  author = {Wittmann, Markus and Hager, Georg and Zeiser, Thomas and Treibig, Jan and Wellein, Gerhard},
  title = {Chip-level and multi-node analysis of energy-optimized lattice {B}oltzmann {CFD} simulations},
  journal = {Concurrency and Computation: Practice and Experience},
  OPTdoi = {10.1002/cpe.3489},
  note = {\bibdoiurl{10.1002/cpe.3489}},
  year = {2015},
}


@incollection{poncet-2016,
  title = {Performance modeling of a compressible hydrodynamics solver on multicore {CPUs}},
  author = {Rapha{\"e}l Poncet and Mathieu Peybernes and Thibault Gasc and Florian De Vuyst},
  pages = {449-458},
  OPTdoi = {10.3233/978-1-61499-621-7-449},
  series = {Advances in Parallel Computing},
  volume = {27},
  booktitle = {Parallel Computing: On the Road to Exascale},
  editors = {Gerhard R. Joubert and Hugh Leather and Mark Parsons and Frans
Peters and Mark Sawyer},
  year = {2016},
  isbn = {978-1-61499-621-7},
  OPTpublisher = {IOS Press},
  note = {\bibdoiurl{10.3233/978-1-61499-621-7-449}},
}

@inproceedings{gasc-2016,
  title = {Building a more efficient {Lagrange}-remap scheme thanks to performance modeling},
  author = {Thibault Gasc and Florian De Vuyst and Mathieu Peybernes and Rapha{\"e}l Poncet and Renaud Motte},
  booktitle = {Proc. ECCOMAS Congress 2016, the VII. European Congress on Computational Methods in Applied Sciences and Engineering, Crete Island, Greece, 5--10 June 2016},
  editor = {M. Papadrakakis and others},
  year = {2016},
  url = {https://www.eccomas2016.org/proceedings/pdf/12210.pdf},
  pages = {1-14}
}



@article{callahan88,
  author = "David Callahan and John Cocke and Ken Kennedy",
  title = "Estimating interlock and improving balance for pipelined architectures ",
  OPTjournal = "Journal of Parallel and Distributed Computing ",
  journal = {J. Parallel. Distr. Com.},
  volume = "5",
  number = "4",
  pages = "334-358",
  year = "1988",
  issn = "0743-7315",
  OPTdoi = "10.1016/0743-7315(88)90002-0",
  note = {\bibdoiurl{10.1016/0743-7315(88)90002-0}},
}

@article{hockney89,
  author = {R. W. Hockney and I. J. Curington},
  year =  {1989},
  title = {{$f_{1/2}$}: A parameter to characterize memory and communication
bottlenecks},
  journal = {Parallel Computing},
  volume = {10},
  number = {3},
  pages = {277-286},
  OPTdoi = {10.1016/0167-8191(89)90100-2},
  note = {\bibdoiurl{10.1016/0167-8191(89)90100-2}},
}

@book{schoenauer00,
  author =	 {Willi Sch{\"o}nauer},
  title =	 {Scientific Supercomputing: Architecture and Use of
                  Shared and Distributed Memory Parallel Computers},
  OPTpublisher =	 {Self-edition},
  year =	 {2000},
  url =		 {http://www.rz.uni-karlsruhe.de/~rx03/book},
}

@inproceedings{Gropp99,
  author = {W. D. Gropp and D. K. Kaushik and D. E. Keyes and B. F.  Smith},
  title = {Towards Realistic Performance Bounds for Implicit {CFD} Codes},
  booktitle = {Proc. Parallel CFD'99},
  year = {1999},
  pages = {233-240},
  OPTpublisher = {Elsevier}
}

@phdthesis{Williams:EECS-2008-164,
  Author = {Williams, Samuel Webb},
  Title = {Auto-tuning Performance on Multicore Computers},
  School = {University of California, Berkeley},
  OptSchool = {EECS Department, University of California, Berkeley},
  Year = {2008},
  Month = {Dec},
  OPTURL = {http://www.eecs.berkeley.edu/Pubs/TechRpts/2008/EECS-2008-164.html},
  Number = {UCB/EECS-2008-164}
}


@inproceedings{KHWPAF14,
  author    = {Moritz Kreutzer and Georg Hager and Gerhard Wellein and Andreas Pieper and Andreas Alvermann and Holger Fehske},
  title     = {Performance Engineering of the {K}ernel {P}olynomial {M}ethod on Large-Scale {CPU-GPU} Systems},
  booktitle = {Proc. IPDPS 2015},
  year = {2015},
  pages = {417-426},
  OPTdoi = {10.1109/IPDPS.2015.76},
  note  = {\bibdoiurl{10.1109/IPDPS.2015.76}},
}


@PHDTHESIS{20.500.11850/144477,
	author = {Schenk, Olaf},
	school = {ETH Zurich},
	OPTpublisher = {ETH Zurich},
	year = {2000},
	language = {en},
	copyright = {In Copyright - Non-Commercial Use Permitted},
	keywords = {VERTEILTE ALGORITHMEN + PARALLELE ALGORITHMEN (PROGRAMMIERMETHODEN); PARALLELPROZESSOREN + PARALLELCOMPUTER + PARALLELARCHITEKTUREN (COMPUTERSYSTEME); VERTEILTE SPEICHER (BETRIEBSSYSTEME); DISTRIBUTED ALGORITHMS + PARALLEL ALGORITHMS (PROGRAMMING METHODS); PARALLEL PROCESSORS + PARALLEL COMPUTERS + PARALLEL ARCHITECTURES (COMPUTER SYSTEMS); SHARED MEMORIES + DISTRIBUTED MEMORIES (OPERATING SYSTEMS)},
	size = {131 S.},
	adress = {Zürich},
	DOI = {10.3929/ethz-a-003876213},
	title = {Scalable parallel sparse {LU} factorization methods on shared memory multiprocessors},
	OPTNote = {Diss. Technische Wissenschaften ETH Zurich, Nr. 13515, 2000.}
}

@inproceedings{luisier2011atomistic,
  title={Atomistic nanoelectronic device engineering with sustained performances up to 1.44 PFlop/s},
  author={Luisier, Mathieu and Boykin, Timothy B and Klimeck, Gerhard and Fichtner, Wolfgang},
  booktitle={Proc. SC11},
  OPTbooktitle={Proceedings of 2011 International Conference for High Performance Computing, Networking, Storage and Analysis},
  OPTpages={2},
  year={2011},
  organization={ACM}
}






@InProceedings{sherry-2008,
author="Li, Xiaoye Sherry",
OPTeditor="Palma, Jos{\'e} M. Laginha M.
and Amestoy, Patrick R.
and Dayd{\'e}, Michel
and Mattoso, Marta
and Lopes, Jo{\~a}o Correia",
title="Evaluation of Sparse {LU} Factorization and Triangular Solution on Multicore Platforms",
OPTbooktitle="High Performance Computing for Computational Science - VECPAR 2008",
booktitle="VECPAR 2008",
year="2008",
OPTpublisher="Springer Berlin Heidelberg",
OPTaddress="Berlin, Heidelberg",
pages="287--300",
abstract="The Chip Multiprocessor (CMP) will be the basic building block for computer systems ranging from laptops to supercomputers. New software developments at all levels are needed to fully utilize these systems. In this work, we evaluate performance of different high-performance sparse LU factorization and triangular solution algorithms on several representative multicore machines. We include both pthreads and MPI implementations in this study, and found that the pthreads implementation consistently delivers good performance and a left-looking algorithm is usually superior.",
isbn="978-3-540-92859-1"
}


@INPROCEEDINGS{marrakchi-2017, 
author={S. Marrakchi and M. Jemni}, 
OPTbooktitle={2017 International Conference on High Performance Computing Simulation (HPCS)}, 
booktitle={Proc. HPCS17},
title={Fine-Grained Parallel Solution for Solving Sparse Triangular Systems on Multicore Platform Using OpenMP Interface}, 
year={2017}, 
volume={}, 
number={}, 
pages={659-666}, 
keywords={multiprocessing systems;parallel processing;user interfaces;OpenMP interface;band structures;execution time;fine-grained parallel solution;multicore platform;parallel performance;spTRSV;sparse structures;sparse triangular systems;Multicore processing;Processor scheduling;Program processors;Schedules;Sparse matrices;Synchronization;OpenMP interface;execution time;idle time of processors;multicore platform;parallel performance;solving sparse triangular systems}, 
doi={10.1109/HPCS.2017.102}, 
ISSN={}, 
month={July},}

@inproceedings{vuduc-2002,
  title={Automatic performance tuning and analysis of sparse triangular solve},
  author={Vuduc, Richard and Kamil, Shoaib and Hsu, Jen and Nishtala, Rajesh and Demmel, James W and Yelick, Katherine A},
  year={2002},
  organization={ICS}
}


@Inbook{heath-1999,
author="Heath, Michael T.
and Raghavan, Padma",
editor="Heath, Michael T.
and Ranade, Abhiram
and Schreiber, Robert S.",
title="Performance of Parallel Sparse Triangular Solution",
bookTitle="Algorithms for Parallel Processing",
year="1999",
OPTpublisher="Springer New York",
OPTaddress="New York, NY",
pages="289--305",
abstract="Many applications require the solution of a sequence of sparse linear systems with the same matrix but different right-hand-side vectors. When the matrix is very large and sparse, the sparse matrix factors are computed in parallel and used in forward and back substitution steps to compute the solution. These substitution steps are not performed at high efficiency on message-passing multiprocessors and pose a performance bottleneck in applications requiring repeated solutions. In this paper we study the performance of various parallel substitution algorithms as well as an alternative to substitution. In the alternative scheme, substitution is replaced by very efficient distributed matrix-vector multiplication at the expense of inverting selected submatrices of the factor. Experiments on the Intel Paragon demonstrate that the scheme using matrix-vector multiplication has ideal scaled efficiency for 1 to 128 processors and is significantly faster than the traditional approach using the best parallel substitution schemes.",
isbn="978-1-4612-1516-5",
doi="10.1007/978-1-4612-1516-5_13",
note={\bibdoiurl{10.1007/978-1-4612-1516-5\_13}},
}

@InProceedings{weifeng-2016,
author="Liu, Weifeng and Li, Ang and Hogg, Jonathan and Duff, Iain S.  and Vinter, Brian",
OPTeditor="Dutot, Pierre-Fran{\c{c}}ois and Trystram, Denis",
title="A Synchronization-Free Algorithm for Parallel Sparse Triangular Solves",
booktitle="Euro-Par 2016: Parallel Processing",
year="2016",
OPTpublisher="Springer International Publishing",
OPTaddress="Cham",
pages="617--630",
isbn="978-3-319-43659-3"
}

@article{li-2005,                                                                  
    AUTHOR = {Xiaoye S. Li},                                                    
    TITLE = {An Overview of {SuperLU}: Algorithms, Implementation,              
             and User Interface},                                               
    journal = toms,                                                             
    volume = {31},                                                              
    number = {3},                                                               
    month = {September},                                                        
    year = {2005},                                                              
    pages = {302-325},                                                          
}

@article{davis-1997,
author = {Timothy A. Davis and Iain S. Duff},
title = {An Unsymmetric-Pattern Multifrontal Method for Sparse {LU} Factorization},
journal = {SIAM J. Matrix Anal. Appl.},
OPTjournal = {SIAM Journal on Matrix Analysis and Applications},
volume = {18},
number = {1},
pages = {140-158},
year = {1997},
doi = {10.1137/S0895479894246905},
}

@InProceedings{park-2014,
author="Park, Jongsoo
and Smelyanskiy, Mikhail
and Sundaram, Narayanan
and Dubey, Pradeep",
OPTeditor="Kunkel, Julian Martin
and Ludwig, Thomas
and Meuer, Hans Werner",
title="Sparsifying Synchronization for High-Performance Shared-Memory Sparse Triangular Solver",
booktitle="Proc. ISC 2014",
OPTbooktitle="Supercomputing",
year="2014",
OPTpublisher="Springer International Publishing",
OPTaddress="Cham",
pages="124--140",
}
